<?xml version="1.0" encoding="UTF-8"?><collection><record><leader>05997ntm a2200565 a 4500</leader><controlfield tag="001">006080132</controlfield><controlfield tag="003">MiAaHDL</controlfield><controlfield tag="005">20190719000000.0</controlfield><controlfield tag="006">m        d        </controlfield><controlfield tag="007">cr bn ---auaua</controlfield><controlfield tag="008">090414q16711672xx            00| ||ara d</controlfield><datafield tag="035" ind1=" " ind2=" "><subfield code="a">(MiU)006080132</subfield></datafield><datafield tag="035" ind1=" " ind2=" "><subfield code="a">sdr-miu006080132</subfield></datafield><datafield tag="040" ind1=" " ind2=" "><subfield code="a">MiU</subfield><subfield code="c">MiU</subfield><subfield code="e">amremm</subfield></datafield><datafield tag="043" ind1=" " ind2=" "><subfield code="a">n-us-mi</subfield></datafield><datafield tag="100" ind1="1" ind2=" "><subfield code="6">880-01</subfield><subfield code="a">Dawwānī, Muḥammad ibn Asʻad,</subfield><subfield code="d">1426 or 1427-1512 or 1513.</subfield></datafield><datafield tag="245" ind1="1" ind2="0"><subfield code="6">880-03</subfield><subfield code="a">[Sharḥ al-ʻAqāʼid al-ʻAḍudīyah,</subfield><subfield code="f">1082, i.e. 1671 or 1672].</subfield></datafield><datafield tag="246" ind1="3" ind2=" "><subfield code="i">Title in GAL:</subfield><subfield code="a">ʻAqāʼid-i Jalālī</subfield></datafield><datafield tag="260" ind1=" " ind2=" "><subfield code="c">[1671 or 1672]</subfield></datafield><datafield tag="300" ind1=" " ind2=" "><subfield code="a">102 leaves :</subfield><subfield code="b">paper ;</subfield><subfield code="c">205 x 152 (139 x 59) bound to 203 x 152-168 mm.</subfield></datafield><datafield tag="500" ind1=" " ind2=" "><subfield code="a">Shelfmark: Ann Arbor, University of Michigan, Special Collections Library, Isl. Ms. 73</subfield></datafield><datafield tag="500" ind1=" " ind2=" "><subfield code="a">Origin: As appears in colophon on p.207, copied by Shaʻbān ibn Ibrāhīm ibn Muṣṭafá. Transcription completed ("tammat hādhihi al-nuskhah al-sharīfah...") in 1082 [1671 or 1672].</subfield></datafield><datafield tag="500" ind1=" " ind2=" "><subfield code="a">Accompanying materials: Numerous inserts carrying glosses, etc. and one document, often tipped in (first not paginated between pp.86-87, then paginated pp.139-140, pp.151-152, pp.153-154. pp.203-204).</subfield></datafield><datafield tag="500" ind1=" " ind2=" "><subfield code="a">Former shelfmark: British Museum, London "No. 139. Commentary on al-Akaid al-adudiyah." ; "٣٧" on tail-edge of textblock.</subfield></datafield><datafield tag="500" ind1=" " ind2=" "><subfield code="a">Binding: Pasteboards faced in marbled paper with spine, fore-edge flap, and edges/turn-ins in red-brown leather (marbled paper faced, leather edged, framed binding) ; Type II binding (with flap) ; board linings in laid paper ; sewn in black thread, two stations, sewing often broken resulting in many loose quires ; in poor condition with severe abrasion, lifting and losses of leather, delamination of boards, minor pest damage, minor spine slant (slightly cocked), etc. ; repairs in cloth and leather.</subfield></datafield><datafield tag="500" ind1=" " ind2=" "><subfield code="a">Support: European laid paper with 9 laid lines per cm. (vertical) and chain lines spaced 28 mm. apart ; watermarks include bird above hill or mount in scrollwork and paschal lamb (compare Heawood 2840) ; occasional staining.</subfield></datafield><datafield tag="500" ind1=" " ind2=" "><subfield code="a">Decoration: Keywords, section headings, and abbreviations rubricated ; some overlining and textual dividers in the form of circles in red.</subfield></datafield><datafield tag="500" ind1=" " ind2=" "><subfield code="a">Script: Naskh-nastaʻlīq (talik) ; sans serif ; effect of words descending to baseline ; mainly closed counters ; occasional elongated horizontal strokes and swooping descenders.</subfield></datafield><datafield tag="500" ind1=" " ind2=" "><subfield code="a">Layout: Written in 15 lines per page ; frame-ruled.</subfield></datafield><datafield tag="500" ind1=" " ind2=" "><subfield code="a">Collation: I (2), 5 V(52), I+1 (55), 4 V(95), I+1 (98), II (102), i ; chiefly quinions ; catchwords present ; pagination in pencil, Western numerals, supplied during digitization (includes inserts, skips two pages each between pp.55-56 and pp.157-158).</subfield></datafield><datafield tag="500" ind1=" " ind2=" "><subfield code="a">Colophon: "Scribal," rectangular, reads: "تمت هذه النسخة الشريفة الجليلة الكاملة في الاعتقاديات بعون الملك الوهاب على يد عبد الضعيف شعبان ابن الحاج ابراهيم ابن الحاج مصطفى تاريخه سنة اثنى وثمانين والف من الهجرة النبوية سنة ۱۰۸۲"</subfield></datafield><datafield tag="500" ind1=" " ind2=" "><subfield code="a">Explicit: "وهو على خلاف ما عرفه بعض المتأخرين جعل الاسباب موافقة ... وهب لنا من لدنك رحمة انك انت الوهاب واغفر لنا انك انت الكريم التواب"</subfield></datafield><datafield tag="500" ind1=" " ind2=" "><subfield code="a">Incipit: "يا من وفقنا لتحقيق العقائد الاسلامية وعصمنا عن التقليد في الاصول والفروع الكلامية ... وبعد فيقول العبد الفقير الى عفو ربه الغني محمد بن اسعد الصديقي الدواني ان العقائد العضدية لم تدع قاعدة في اصول العقائد الدينية الا دانت عليها ... فحداني ذلك الى اني اشرحها شرحا وافيا بحل المغالق ..."</subfield></datafield><datafield tag="500" ind1=" " ind2=" "><subfield code="a">Title supplied by cataloguer.</subfield></datafield><datafield tag="500" ind1=" " ind2=" "><subfield code="a">Ms. codex.</subfield></datafield><datafield tag="510" ind1="4" ind2=" "><subfield code="a">Brockelmann, C. GAL,</subfield><subfield code="c">SII, 291 (VII. cmt. 1)</subfield></datafield><datafield tag="510" ind1="4" ind2=" "><subfield code="a">Brockelmann, C. GAL,</subfield><subfield code="c">II, 209 (VII. cmt. 1)</subfield></datafield><datafield tag="520" ind1="8" ind2=" "><subfield code="a">Careful copy of the commentary on al-ʻAqāʼid by ʻAḍud al-Dīn ʻAbd al-Raḥmān ibn Aḥmad al-Ījī (d. 756/1355).</subfield></datafield><datafield tag="538" ind1=" " ind2=" "><subfield code="a">Mode of access: Internet.</subfield></datafield><datafield tag="541" ind1=" " ind2=" "><subfield code="c">Purchase ;</subfield><subfield code="a">Acquired by purchase along with Abdul Hamid Collection (funds donated by Horace Rackham).</subfield><subfield code="d">1924.</subfield></datafield><datafield tag="546" ind1=" " ind2=" "><subfield code="a">Arabic.</subfield></datafield><datafield tag="561" ind1=" " ind2=" "><subfield code="a">Bookplate of British Museum, London on interior of upper cover, "British Museum, London. No. 139. Commentary on al-Akaid al-adudiyah." ; circular seal impression with figure of goat/gazelle in purple ink as well as inscription "131" in Western numerals on back flyleaf (p.210) ; circular waqf-seal impression in black ink appears on 'title page' (p.5) and several places throughout, reads: "هذا وقف الراجي فيض الصمدي الشيخ احمد ضيا الدين ابن مصطفى الخالدي فمن بدله بعد ما سمعه فانما اثمه على الذين يبدلونه" in name of Aḥmad Ḍiyāʼ al-Dīn ibn Muṣṭafá al-Khālidī (i.e. Ahmed Ziyâüddîn Gümüşhanevî, d. 1893 or 4) ; what appears to be a death notice on p.5 ; extensive marginal and interlinear glosses ; occasional marginal corrections.</subfield></datafield><datafield tag="600" ind1="1" ind2="0"><subfield code="a">Ījī, ʻAḍud al-Dīn ʻAbd al-Raḥmān ibn Aḥmad,</subfield><subfield code="d">-1355?</subfield><subfield code="t">ʻAqāʼid al-ʻAḍudīyah.</subfield></datafield><datafield tag="650" ind1=" " ind2="0"><subfield code="a">Manuscripts, Arabic</subfield><subfield code="z">Michigan</subfield><subfield code="z">Ann Arbor.</subfield></datafield><datafield tag="650" ind1=" " ind2="0"><subfield code="a">Islam</subfield><subfield code="x">Doctrines</subfield><subfield code="v">Early works to 1800.</subfield></datafield><datafield tag="700" ind1="0" ind2=" "><subfield code="6">880-05</subfield><subfield code="a">Shaʻbān ibn Ibrāhīm ibn Muṣṭafá,</subfield><subfield code="d">flourished 1671,</subfield><subfield code="e">scribe.</subfield></datafield><datafield tag="773" ind1="0" ind2=" "><subfield code="a">Tiflis Collection.</subfield></datafield><datafield tag="880" ind1="0" ind2=" "><subfield code="6">700-05/</subfield><subfield code="a">شعبان بن ابراهيم بن مصطفى،</subfield><subfield code="e">ناسخ.</subfield></datafield><datafield tag="880" ind1="1" ind2="0"><subfield code="6">245-03/</subfield><subfield code="a">[شرح العقائد العضدية,</subfield><subfield code="f">1082ه, 1671 أو 1672].</subfield></datafield><datafield tag="880" ind1="1" ind2=" "><subfield code="6">100-01/</subfield><subfield code="a">دواني، محمد بن اسعد.</subfield></datafield><datafield tag="CID" ind1=" " ind2=" "><subfield code="a">006080132</subfield></datafield><datafield tag="DAT" ind1="0" ind2=" "><subfield code="a">20190719102634.0</subfield><subfield code="b">20190719000000.0</subfield></datafield><datafield tag="DAT" ind1="1" ind2=" "><subfield code="a">20190719090653.0</subfield><subfield code="b">2019-07-19T16:11:15Z</subfield></datafield><datafield tag="DAT" ind1="2" ind2=" "><subfield code="a">2015-10-02T18:00:03Z</subfield></datafield><datafield tag="CAT" ind1=" " ind2=" "><subfield code="a">SDR-MIU</subfield><subfield code="d">EX LIBRIS - ALEPH</subfield><subfield code="l">prepare.pl-004-008</subfield></datafield><datafield tag="FMT" ind1=" " ind2=" "><subfield code="a">BK</subfield></datafield><datafield tag="HOL" ind1=" " ind2=" "><subfield code="0">sdr-miu006080132</subfield><subfield code="a">MiU</subfield><subfield code="b">SDR</subfield><subfield code="c">MIU</subfield><subfield code="p">mdp.39015079124981</subfield><subfield code="s">MIU</subfield><subfield code="1">006080132</subfield></datafield><datafield tag="974" ind1=" " ind2=" "><subfield code="b">MIU</subfield><subfield code="c">MIU</subfield><subfield code="d">20190719</subfield><subfield code="s">lit-dlps-dc</subfield><subfield code="u">mdp.39015079124981</subfield><subfield code="y">1672</subfield><subfield code="r">pd</subfield><subfield code="q">bib</subfield><subfield code="t">non-US bib date2 &lt; 1879</subfield></datafield></record></collection>